@article{RevModPhys.23.253,
  title = {Hamilton's Principle and the Conservation Theorems of Mathematical Physics},
  author = {Hill, E. L.},
  journal = {Rev. Mod. Phys.},
  volume = {23},
  issue = {3},
  pages = {253--260},
  numpages = {0},
  year = {1951},
  month = {Jul},
  publisher = {American Physical Society},
  doi = {10.1103/RevModPhys.23.253},
  url = {https://link.aps.org/doi/10.1103/RevModPhys.23.253}
}
