@book{Schwartz:2014sze,
    author = "Schwartz, Matthew D.",
    title = "{Quantum Field Theory and the Standard Model}",
    isbn = "978-1-107-03473-0, 978-1-107-03473-0",
    publisher = "Cambridge University Press",
    month = "3",
    year = "2014"
}