@article{Ayon-Beato:2023bzp,
    author = "Ay\'on-Beato, Eloy and Hassaine, Mokhtar",
    title = "{Non-Noetherian conformal scalar fields}",
    eprint = "2305.09806",
    archivePrefix = "arXiv",
    primaryClass = "hep-th",
    doi = "10.1016/j.aop.2023.169567",
    journal = "Annals Phys.",
    volume = "460",
    pages = "169567",
    year = "2024"
}