@article{Ayon-Beato:2023bzp,
    author = "Ay\'on-Beato, Eloy and Hassaine, Mokhtar",
    title = "{Non-Noetherian conformal scalar fields}",
    eprint = "2305.09806",
    archivePrefix = "arXiv",
    primaryClass = "hep-th",
    doi = "10.1016/j.aop.2023.169567",
    journal = "Annals Phys.",
    volume = "460",
    pages = "169567",
    year = "2024"
}

@article{Horndeski:1974wa,
    author = "Horndeski, Gregory Walter",
    title = "{Second-order scalar-tensor field equations in a four-dimensional space}",
    doi = "10.1007/BF01807638",
    journal = "Int. J. Theor. Phys.",
    volume = "10",
    pages = "363--384",
    year = "1974"
}