\usepackage[utf8]{inputenc}
\begin{thebibliography}{99}
@article{IEA2018,
    title={Global EV Outlook 2018, Towards cross-modal electrification},
    author={{The International Energy Agency}},
    year={2018},
    institution={The International Energy Agency}
}

@book{ISLR,
  title={An introduction to statistical learning},
  author={James, Gareth and Witten, Daniela and Hastie, Trevor and Tibshirani, Robert},
  volume={112},
  year={2013},
  publisher={Springer}
}

@article{greenacre1984,
  title={Theory and applications of correspondence analysis},
  author={Greenacre, Michael J},
  year={1984},
  publisher={London (UK) Academic Press}
}

@article{pearson1931test,
  title={The test of significance for the correlation coefficient},
  author={Pearson, Egon S},
  journal={Journal of the American Statistical Association},
  volume={26},
  number={174},
  pages={128--134},
  year={1931},
  publisher={Taylor \& Francis}
}

@Manual{Rcode,
    title = {R: A Language and Environment for Statistical Computing},
    author = {{R Core Team}},
    organization = {R Foundation for Statistical Computing},
    address = {Vienna, Austria},
    year = {2017},
    url = {https://www.R-project.org/},
  }

  @article{Lu:2012xu,
    author = "Lu, H. and Pang, Y. and Pope, C. N. and Vazquez-Poritz, Justin F.",
    title = "{AdS and Lifshitz Black Holes in Conformal and Einstein-Weyl Gravities}",
    reportNumber = "MIFPA-12-10",
    doi = "10.1103/PhysRevD.86.044011",
    journal = "Phys. Rev. D",
    volume = "86",
    pages = "044011",
    year = "2012"
}

@article{Kaku:1978nz,
    author = "Kaku, M. and Townsend, P. K. and van Nieuwenhuizen, P.",
    editor = "Salam, A. and Sezgin, E.",
    title = "{Properties of Conformal Supergravity}",
    reportNumber = "Print-78-0120 (CITY COLL., N.Y.)",
    doi = "10.1103/PhysRevD.17.3179",
    journal = "Phys. Rev. D",
    volume = "17",
    pages = "3179",
    year = "1978"
}

@article{Kaku:1978ea,
    author = "Kaku, M. and Townsend, P. K.",
    title = "{POINCARE SUPERGRAVITY AS BROKEN SUPERCONFORMAL GRAVITY}",
    reportNumber = "ITP-SB-78-6",
    doi = "10.1016/0370-2693(78)90098-9",
    journal = "Phys. Lett. B",
    volume = "76",
    pages = "54--58",
    year = "1978"
}

@article{deWit:1980lyi,
    author = "de Wit, B. and van Holten, J. W. and Van Proeyen, Antoine",
    title = "{Structure of N=2 Supergravity}",
    reportNumber = "CERN-TH-2985",
    doi = "10.1016/0550-3213(83)90548-5",
    journal = "Nucl. Phys. B",
    volume = "184",
    pages = "77",
    year = "1981",
    note = "[Erratum: Nucl.Phys.B 222, 516 (1983)]"
}

@article{Julve:1978xn,
    author = "Julve, J. and Tonin, M.",
    title = "{Quantum Gravity with Higher Derivative Terms}",
    reportNumber = "IFPD 2/78",
    doi = "10.1007/BF02748637",
    journal = "Nuovo Cim. B",
    volume = "46",
    pages = "137--152",
    year = "1978"
}

@article{Fradkin:1981iu,
    author = "Fradkin, E. S. and Tseytlin, Arkady A.",
    title = "{Renormalizable asymptotically free quantum theory of gravity}",
    reportNumber = "LEBEDEV-81-70",
    doi = "10.1016/0550-3213(82)90444-8",
    journal = "Nucl. Phys. B",
    volume = "201",
    pages = "469--491",
    year = "1982"
}

@article{Osborn:2015rna,
    author = "Osborn, Hugh and Stergiou, Andreas",
    title = "{Structures on the Conformal Manifold in Six Dimensional Theories}",
    reportNumber = "DAMTP-2015-1, DAMTP 2015/1",
    doi = "10.1007/JHEP04(2015)157",
    journal = "JHEP",
    volume = "04",
    pages = "157",
    year = "2015"
}

@article{Gover:2002ay,
    author = "Gover, A. Rod and Peterson, Lawrence J.",
    title = "{Conformally invariant powers of the Laplacian, Q-curvature, and tractor calculus}",
    doi = "10.1007/s00220-002-0790-4",
    journal = "Commun. Math. Phys.",
    volume = "235",
    pages = "339--378",
    year = "2003"
}

@article{Papadimitriou:2005ii,
    author = "Papadimitriou, Ioannis and Skenderis, Kostas",
    title = "{Thermodynamics of asymptotically locally AdS spacetimes}",
    reportNumber = "ITFA-2005-18",
    doi = "10.1088/1126-6708/2005/08/004",
    journal = "JHEP",
    volume = "08",
    pages = "004",
    year = "2005"
}

@article{Graham:1999jg,
    author = "Graham, C.Robin",
    editor = "Slov\'ak, Jan and Cadek, Martin",
    title = "{Volume and area renormalizations for conformally compact Einstein metrics}",
    eprint = "math/9909042",
    archivePrefix = "arXiv",
    journal = "Rend. Circ. Mat. Palermo S",
    volume = "63",
    pages = "31--42",
    year = "2000"
}

@incollection{AST_1985__S131__95_0,
     author = {Fefferman, Charles and Graham, C. Robin},
     title = {Conformal invariants},
     booktitle = {\'Elie Cartan et les math\'ematiques d'aujourd'hui - Lyon, 25-29 juin 1984},
     author = {Collectif},
     series = {Ast\'erisque},
     publisher = {Soci\'et\'e math\'ematique de France},
     number = {S131},
     year = {1985},
     zbl = {0602.53007},
     mrnumber = {837196},
     url = {http://www.numdam.org/item/AST_1985__S131__95_0/}
}

@article{Anastasiou:2018mfk,
    author = "Anastasiou, Giorgos and Araya, Ignacio J. and Arias, Cesar and Olea, Rodrigo",
    title = "{Einstein-AdS action, renormalized volume/area and holographic R\'enyi entropies}",
    doi = "10.1007/JHEP08(2018)136",
    journal = "JHEP",
    volume = "08",
    pages = "136",
    year = "2018"
}

@article{Anastasiou:2021tlv,
    author = "Anastasiou, Giorgos and Araya, Ignacio J. and Corral, Cristobal and Olea, Rodrigo",
    title = "{Noether-Wald charges in six-dimensional Critical Gravity}",
    doi = "10.1007/JHEP07(2021)156",
    journal = "JHEP",
    volume = "07",
    pages = "156",
    year = "2021"
}

@article{Anastasiou:2019ldc,
    author = "Anastasiou, Giorgos and Araya, Ignacio J. and Guijosa, Alberto and Olea, Rodrigo",
    title = "{Renormalized AdS gravity and holographic entanglement entropy of even-dimensional CFTs}",
    doi = "10.1007/JHEP10(2019)221",
    journal = "JHEP",
    volume = "10",
    pages = "221",
    year = "2019"
}


@article{Olea:2006vd,
    author = "Olea, Rodrigo",
    title = "{Regularization of odd-dimensional AdS gravity: Kounterterms}",
    doi = "10.1088/1126-6708/2007/04/073",
    journal = "JHEP",
    volume = "04",
    pages = "073",
    year = "2007"
}

@article{Anastasiou:2020zwc,
    author = "Anastasiou, Giorgos and Miskovic, Olivera and Olea, Rodrigo and Papadimitriou, Ioannis",
    title = "{Counterterms, Kounterterms, and the variational problem in AdS gravity}",
    reportNumber = "KIAS-P20010",
    doi = "10.1007/JHEP08(2020)061",
    journal = "JHEP",
    volume = "08",
    pages = "061",
    year = "2020"
}

@article{Anastasiou:2020mik,
    author = "Anastasiou, Giorgos and Araya, Ignacio J. and Olea, Rodrigo",
    title = "{Einstein Gravity from Conformal Gravity in 6D}",
    doi = "10.1007/JHEP01(2021)134",
    journal = "JHEP",
    volume = "01",
    pages = "134",
    year = "2021"
}

@article{Capper:1975ig,
    author = "Capper, D. M. and Duff, M. J.",
    title = "{Conformal Anomalies and the Renormalizability Problem in Quantum Gravity}",
    reportNumber = "Print-75-0494 (QUEEN MARY COLL)",
    doi = "10.1016/0375-9601(75)90030-4",
    journal = "Phys. Lett. A",
    volume = "53",
    pages = "361",
    year = "1975"
}

@article{Stelle:1976gc,
    author = "Stelle, K. S.",
    title = "{Renormalization of Higher Derivative Quantum Gravity}",
    reportNumber = "PRINT-76-1059 (BRANDEIS)",
    doi = "10.1103/PhysRevD.16.953",
    journal = "Phys. Rev. D",
    volume = "16",
    pages = "953--969",
    year = "1977"
}

@article{Herrera:2017ztd,
    author = "Herrera, Felipe and V\'asquez, Yerko",
    title = "{AdS and Lifshitz black hole solutions in conformal gravity sourced with a scalar field}",
    doi = "10.1016/j.physletb.2018.05.051",
    journal = "Phys. Lett. B",
    volume = "782",
    pages = "305--315",
    year = "2018"
}

@article{Brihaye:2009ef,
    author = "Brihaye, Y. and Verbin, Y.",
    title = "{Spherical Structures in Conformal Gravity and its Scalar-Tensor Extension}",
    doi = "10.1103/PhysRevD.80.124048",
    journal = "Phys. Rev. D",
    volume = "80",
    pages = "124048",
    year = "2009"
}

@article{Riegert:1984zz,
    author = "Riegert, Ronald J.",
    title = "{Birkhoff's Theorem in Conformal Gravity}",
    doi = "10.1103/PhysRevLett.53.315",
    journal = "Phys. Rev. Lett.",
    volume = "53",
    pages = "315--318",
    year = "1984"
}

@article{Ayon-Beato:2004nzi,
    author = "Ayon-Beato, Eloy and Martinez, Cristian and Zanelli, Jorge",
    title = "{Stealth scalar field overflying a (2+1) black hole}",
    doi = "10.1007/s10714-005-0213-x",
    journal = "Gen. Rel. Grav.",
    volume = "38",
    pages = "145--152",
    year = "2006"
}

@article{Ayon-Beato:2005yoq,
    author = "Ayon-Beato, Eloy and Martinez, Cristian and Troncoso, Ricardo and Zanelli, Jorge",
    title = "{Gravitational Cheshire effect: Nonminimally coupled scalar fields may not curve spacetime}",
    reportNumber = "CECS-PHY-05-05",
    doi = "10.1103/PhysRevD.71.104037",
    journal = "Phys. Rev. D",
    volume = "71",
    pages = "104037",
    year = "2005"
}

@article{Hassaine:2006gz,
    author = "Hassaine, Mokhtar",
    title = "{Analogies between self-duality and stealth matter source}",
    reportNumber = "CECS-PHY-06-15",
    doi = "10.1088/0305-4470/39/27/008",
    journal = "J. Phys. A",
    volume = "39",
    pages = "8675--8680",
    year = "2006"
}

@article{Ayon-Beato:2013bsa,
    author = "Ay\'on-Beato, Eloy and Garc\'\i{}a, Alberto A. and Ram\'\i{}rez-Baca, P. Isaac and Terrero-Escalante, C\'esar A.",
    title = "{Conformal stealth for any standard cosmology}",
    doi = "10.1103/PhysRevD.88.063523",
    journal = "Phys. Rev. D",
    volume = "88",
    number = "6",
    pages = "063523",
    year = "2013"
}

@article{Abbott:1981ff,
    author = "Abbott, L. F. and Deser, Stanley",
    title = "{Stability of Gravity with a Cosmological Constant}",
    reportNumber = "CERN-TH-3136",
    doi = "10.1016/0550-3213(82)90049-9",
    journal = "Nucl. Phys. B",
    volume = "195",
    pages = "76--96",
    year = "1982"
}

@article{Deser:2002rt,
    author = "Deser, Stanley and Tekin, Bayram",
    title = "{Gravitational energy in quadratic curvature gravities}",
    doi = "10.1103/PhysRevLett.89.101101",
    journal = "Phys. Rev. Lett.",
    volume = "89",
    pages = "101101",
    year = "2002"
}

@article{Deser:2002jk,
    author = "Deser, Stanley and Tekin, Bayram",
    title = "{Energy in generic higher curvature gravity theories}",
    doi = "10.1103/PhysRevD.67.084009",
    journal = "Phys. Rev. D",
    volume = "67",
    pages = "084009",
    year = "2003"
}

@article{Deser:2003vh,
    author = "Deser, Stanley and Tekin, Bayram",
    title = "{Energy in topologically massive gravity}",
    doi = "10.1088/0264-9381/20/21/L01",
    journal = "Class. Quant. Grav.",
    volume = "20",
    pages = "L259",
    year = "2003"
}

@article{Lu:2011zk,
    author = "Lu, H. and Pope, C. N.",
    title = "{Critical Gravity in Four Dimensions}",
    reportNumber = "MIFPA-11-02",
    doi = "10.1103/PhysRevLett.106.181302",
    journal = "Phys. Rev. Lett.",
    volume = "106",
    pages = "181302",
    year = "2011"
}

@article{Oliva:2011np,
    author = "Oliva, Julio and Ray, Sourya",
    title = "{Conformal couplings of a scalar field to higher curvature terms}",
    doi = "10.1088/0264-9381/29/20/205008",
    journal = "Class. Quant. Grav.",
    volume = "29",
    pages = "205008",
    year = "2012"
}

@article{Aros:1999id,
    author = "Aros, Rodrigo and Contreras, Mauricio and Olea, Rodrigo and Troncoso, Ricardo and Zanelli, Jorge",
    title = "{Conserved charges for gravity with locally AdS asymptotics}",
    reportNumber = "CECS-PHY-99-14",
    doi = "10.1103/PhysRevLett.84.1647",
    journal = "Phys. Rev. Lett.",
    volume = "84",
    pages = "1647--1650",
    year = "2000"
}

@article{Aros:1999kt,
    author = "Aros, Rodrigo and Contreras, Mauricio and Olea, Rodrigo and Troncoso, Ricardo and Zanelli, Jorge",
    title = "{Conserved charges for even dimensional asymptotically AdS gravity theories}",
    reportNumber = "CECS-PHY-99-18, ULB-TH-99-26",
    doi = "10.1103/PhysRevD.62.044002",
    journal = "Phys. Rev. D",
    volume = "62",
    pages = "044002",
    year = "2000"
}

@article{Miskovic:2009bm,
    author = "Miskovic, Olivera and Olea, Rodrigo",
    title = "{Topological regularization and self-duality in four-dimensional anti-de Sitter gravity}",
    doi = "10.1103/PhysRevD.79.124020",
    journal = "Phys. Rev. D",
    volume = "79",
    pages = "124020",
    year = "2009"
}

@article{MacDowell:1977jt,
    author = "MacDowell, S. W. and Mansouri, F.",
    title = "{Unified Geometric Theory of Gravity and Supergravity}",
    reportNumber = "COO-3075-164",
    doi = "10.1103/PhysRevLett.38.739",
    journal = "Phys. Rev. Lett.",
    volume = "38",
    pages = "739",
    year = "1977",
    note = "[Erratum: Phys. Rev. Lett. 38, 1376 (1977)]"
}

@article{Miskovic:2014zja,
    author = "Miskovic, Olivera and Olea, Rodrigo and Tsoukalas, Minas",
    title = "{Renormalized AdS action and Critical Gravity}",
    doi = "10.1007/JHEP08(2014)108",
    journal = "JHEP",
    volume = "08",
    pages = "108",
    year = "2014"
}

@article{Lee:1990nz,
    author = "Lee, J. and Wald, Robert M.",
    title = "{Local symmetries and constraints}",
    doi = "10.1063/1.528801",
    journal = "J. Math. Phys.",
    volume = "31",
    pages = "725--743",
    year = "1990"
}

@article{Wald:1993nt,
    author = "Wald, Robert M.",
    title = "{Black hole entropy is the Noether charge}",
    reportNumber = "EFI-93-42",
    doi = "10.1103/PhysRevD.48.R3427",
    journal = "Phys. Rev. D",
    volume = "48",
    number = "8",
    pages = "R3427--R3431",
    year = "1993"
}

@article{Iyer:1994ys,
    author = "Iyer, Vivek and Wald, Robert M.",
    title = "{Some properties of Noether charge and a proposal for dynamical black hole entropy}",
    doi = "10.1103/PhysRevD.50.846",
    journal = "Phys. Rev. D",
    volume = "50",
    pages = "846--864",
    year = "1994"
}

@article{Wald:1999wa,
    author = "Wald, Robert M. and Zoupas, Andreas",
    title = "{A General definition of 'conserved quantities' in general relativity and other theories of gravity}",
    doi = "10.1103/PhysRevD.61.084027",
    journal = "Phys. Rev. D",
    volume = "61",
    pages = "084027",
    year = "2000"
}

@article{Gunasekaran:2012dq,
    author = "Gunasekaran, Sharmila and Mann, Robert B. and Kubiznak, David",
    title = "{Extended phase space thermodynamics for charged and rotating black holes and Born-Infeld vacuum polarization}",
    reportNumber = "PI-STRONGGRV-291",
    doi = "10.1007/JHEP11(2012)110",
    journal = "JHEP",
    volume = "11",
    pages = "110",
    year = "2012"
}

@article{Kubiznak:2016qmn,
    author = "Kubiznak, David and Mann, Robert B. and Teo, Mae",
    title = "{Black hole chemistry: thermodynamics with Lambda}",
    doi = "10.1088/1361-6382/aa5c69",
    journal = "Class. Quant. Grav.",
    volume = "34",
    number = "6",
    pages = "063001",
    year = "2017"
}

@article{Coussaert:1993jp,
    author = "Coussaert, Olivier and Henneaux, Marc",
    title = "{Supersymmetry of the (2+1) black holes}",
    reportNumber = "ULB-PMIF-93-07",
    doi = "10.1103/PhysRevLett.72.183",
    journal = "Phys. Rev. Lett.",
    volume = "72",
    pages = "183--186",
    year = "1994"
}

@article{Barrientos:2022yoz,
    author = "Barrientos, Jos\'e and Cisterna, Adolfo and Corral, Crist\'obal and Oyarzo, Marcelo",
    title = "{Gravitational instantons with conformally coupled scalar fields}",
    doi = "10.1007/JHEP05(2022)110",
    journal = "JHEP",
    volume = "05",
    pages = "110",
    year = "2022"
}

@article{Adler:1982ri,
    author = "Adler, Stephen L.",
    title = "{Einstein Gravity as a Symmetry-Breaking Effect in Quantum Field Theory}",
    reportNumber = "PRINT-81-0725-REV. (IAS,-PRINCETON), PRINT-81-0725 (IAS,-PRINCETON)",
    doi = "10.1103/RevModPhys.54.729",
    journal = "Rev. Mod. Phys.",
    volume = "54",
    pages = "729",
    year = "1982",
    note = "[Erratum: Rev. Mod. Phys. 55, 837 (1983)]"
}

@article{Sen:2012fc,
    author = "Sen, Kallol and Sinha, Aninda and Suryanarayana, Nemani V.",
    title = "{Counterterms, critical gravity and holography}",
    doi = "10.1103/PhysRevD.85.124017",
    journal = "Phys. Rev. D",
    volume = "85",
    pages = "124017",
    year = "2012"
}

@article{Berkovits:2004jj,
    author = "Berkovits, Nathan and Witten, Edward",
    title = "{Conformal supergravity in twistor-string theory}",
    reportNumber = "IFT-P-019-2004",
    doi = "10.1088/1126-6708/2004/08/009",
    journal = "JHEP",
    volume = "08",
    pages = "009",
    year = "2004"
}

@article{Mannheim:1988dj,
    author = "Mannheim, Philip D. and Kazanas, Demosthenes",
    title = "{Exact Vacuum Solution to Conformal Weyl Gravity and Galactic Rotation Curves}",
    reportNumber = "PRINT-88-0456 (NASA,GODDARD), LHEA-89-004",
    doi = "10.1086/167623",
    journal = "Astrophys. J.",
    volume = "342",
    pages = "635--638",
    year = "1989"
}

@article{Maldacena:2011mk,
    author = "Maldacena, Juan",
    title = "{Einstein Gravity from Conformal Gravity}",
    eprint = "1105.5632",
    archivePrefix = "arXiv",
    primaryClass = "hep-th",
    month = "5",
    year = "2011"
}

@article{Anastasiou:2016jix,
    author = "Anastasiou, Giorgos and Olea, Rodrigo",
    title = "{From conformal to Einstein Gravity}",
    doi = "10.1103/PhysRevD.94.086008",
    journal = "Phys. Rev. D",
    volume = "94",
    number = "8",
    pages = "086008",
    year = "2016"
}

@article{Grumiller:2013mxa,
    author = "Grumiller, D. and Irakleidou, M. and Lovrekovic, I. and McNees, R.",
    title = "{Conformal gravity holography in four dimensions}",
    reportNumber = "TUW-13-15",
    doi = "10.1103/PhysRevLett.112.111102",
    journal = "Phys. Rev. Lett.",
    volume = "112",
    pages = "111102",
    year = "2014"
}

@article{Bergshoeff:1980is,
    author = "Bergshoeff, E. and de Roo, M. and de Wit, B.",
    title = "{Extended Conformal Supergravity}",
    reportNumber = "NIKHEF-H/80-07",
    doi = "10.1016/0550-3213(81)90465-X",
    journal = "Nucl. Phys. B",
    volume = "182",
    pages = "173--204",
    year = "1981"
}

@article{Fradkin:1985am,
    author = "Fradkin, E. S. and Tseytlin, Arkady A.",
    title = "{CONFORMAL SUPERGRAVITY}",
    doi = "10.1016/0370-1573(85)90138-3",
    journal = "Phys. Rept.",
    volume = "119",
    pages = "233--362",
    year = "1985"
}



@article{Ferrara:2018wqd,
    author = {Ferrara, Sergio and Kehagias, Alex and L\"ust, Dieter},
    title = "{Aspects of Weyl Supergravity}",
    reportNumber = "CERN-TH-2018-144, MPP-2018-142, LMU-ASC 39/18, LMU-ASC-39-18",
    doi = "10.1007/JHEP08(2018)197",
    journal = "JHEP",
    volume = "08",
    pages = "197",
    year = "2018"
}

@article{DAuria:2021dth,
    author = "D'Auria, Riccardo and Ravera, Lucrezia",
    title = "{Conformal gravity with totally antisymmetric torsion}",
    doi = "10.1103/PhysRevD.104.084034",
    journal = "Phys. Rev. D",
    volume = "104",
    number = "8",
    pages = "084034",
    year = "2021"
}



@article{Bocharova:1970skc,
    author = "Bocharova, N. M. and Bronnikov, K. A. and Melnikov, V. N.",
    title = "bocharova",
    journal = "Vestn. Mosk. Univ. Fiz. Astron.",
    volume = "6",
    pages = "706",
    year = "1970"
}

@article{Bekenstein:1974sf,
    author = "Bekenstein, J. D.",
    title = "{Exact solutions of Einstein conformal scalar equations}",
    doi = "10.1016/0003-4916(74)90124-9",
    journal = "Annals Phys.",
    volume = "82",
    pages = "535--547",
    year = "1974"
}

@article{Martinez:2002ru,
    author = "Martinez, Cristian and Troncoso, Ricardo and Zanelli, Jorge",
    title = "{De Sitter black hole with a conformally coupled scalar field in four-dimensions}",
    reportNumber = "CECS-PHY-02-05",
    doi = "10.1103/PhysRevD.67.024008",
    journal = "Phys. Rev. D",
    volume = "67",
    pages = "024008",
    year = "2003"
}



@article{Martinez:2005di,
    author = "Martinez, Cristian and Staforelli, Juan Pablo and Troncoso, Ricardo",
    title = "{Topological black holes dressed with a conformally coupled scalar field and electric charge}",
    reportNumber = "CECS-PHY-05-18",
    doi = "10.1103/PhysRevD.74.044028",
    journal = "Phys. Rev. D",
    volume = "74",
    pages = "044028",
    year = "2006"
}

@article{Kaku:1977pa,
    author = "Kaku, M. and Townsend, P. K. and van Nieuwenhuizen, P.",
    title = "{Gauge Theory of the Conformal and Superconformal Group}",
    doi = "10.1016/0370-2693(77)90552-4",
    journal = "Phys. Lett. B",
    volume = "69",
    pages = "304--308",
    year = "1977"
}

@article{Butter:2009cp,
    author = "Butter, Daniel",
    title = "{N=1 Conformal Superspace in Four Dimensions}",
    reportNumber = "UCB-PTH-09-21",
    doi = "10.1016/j.aop.2009.09.010",
    journal = "Annals Phys.",
    volume = "325",
    pages = "1026--1080",
    year = "2010"
}

@article{Andrianopoli:2014aqa,
    author = "Andrianopoli, Laura and D'Auria, Riccardo",
    title = "{N=1 and N=2 pure supergravities on a manifold with boundary}",
    doi = "10.1007/JHEP08(2014)012",
    journal = "JHEP",
    volume = "08",
    pages = "012",
    year = "2014"
}

@article{Andrianopoli:2020zbl,
    author = "Andrianopoli, L. and Cerchiai, B. L. and Matrecano, R. and Miskovic, O. and Noris, R. and Olea, R. and Ravera, L. and Trigiante, M.",
    title = "{$ \mathcal{N} $ = 2 AdS$_{4}$ supergravity, holography and Ward identities}",
    doi = "10.1007/JHEP02(2021)141",
    journal = "JHEP",
    volume = "02",
    pages = "141",
    year = "2021"
}



@article{Liu:1998bu, author = "Liu, Hong and Tseytlin, Arkady A.", title = "{D = 4 superYang-Mills, D = 5 gauged supergravity, and D = 4 conformal supergravity}", reportNumber = "IMPERIAL-TP-97-98-39, NSF-ITP-98-049", doi = "10.1016/S0550-3213(98)00443-X", journal = "Nucl. Phys. B", volume = "533", pages = "88--108", year = "1998"}

@article{Balasubramanian:1999re,
    author = "Balasubramanian, Vijay and Kraus, Per",
    title = "{A Stress tensor for Anti-de Sitter gravity}",
    reportNumber = "HUTP-99-A002, EFI-99-6, NSF-ITP-98-132",
    doi = "10.1007/s002200050764",
    journal = "Commun. Math. Phys.",
    volume = "208",
    pages = "413--428",
    year = "1999"
}

@article{Chamblin:1999tk,
    author = "Chamblin, Andrew and Emparan, Roberto and Johnson, Clifford V. and Myers, Robert C.",
    title = "{Charged AdS black holes and catastrophic holography}",
    reportNumber = "DAMTP-1999-29, EHU-FT-9902, UK-99-02, MCGILL-99-07",
    doi = "10.1103/PhysRevD.60.064018",
    journal = "Phys. Rev. D",
    volume = "60",
    pages = "064018",
    year = "1999"
}

@article{Emparan:1999pm,
    author = "Emparan, Roberto and Johnson, Clifford V. and Myers, Robert C.",
    title = "{Surface terms as counterterms in the AdS / CFT correspondence}",
    reportNumber = "DTP-99-21, UK-99-04, MCGILL-99-12, EHU-FT-9906",
    doi = "10.1103/PhysRevD.60.104001",
    journal = "Phys. Rev. D",
    volume = "60",
    pages = "104001",
    year = "1999"
}

@article{Chamblin:1999hg,
    author = "Chamblin, Andrew and Emparan, Roberto and Johnson, Clifford V. and Myers, Robert C.",
    title = "{Holography, thermodynamics and fluctuations of charged AdS black holes}",
    reportNumber = "DAMTP-1999-54, EHU-FT-9907, DTP-99-25, UK-99-5, MCGILL-99-15",
    doi = "10.1103/PhysRevD.60.104026",
    journal = "Phys. Rev. D",
    volume = "60",
    pages = "104026",
    year = "1999"
}

@article{deHaro:2000vlm,
    author = "de Haro, Sebastian and Solodukhin, Sergey N. and Skenderis, Kostas",
    title = "{Holographic reconstruction of space-time and renormalization in the AdS / CFT correspondence}",
    reportNumber = "SPIN-2000-05, ITP-UU-00-03, PUTP-1921",
    doi = "10.1007/s002200100381",
    journal = "Commun. Math. Phys.",
    volume = "217",
    pages = "595--622",
    year = "2001"
}

@article{Bianchi:2001kw,
    author = "Bianchi, Massimo and Freedman, Daniel Z. and Skenderis, Kostas",
    title = "{Holographic renormalization}",
    reportNumber = "MIT-CTP-3166, PUTP-1999, DAMTP-2001-63, ROM2F-2001-30",
    doi = "10.1016/S0550-3213(02)00179-7",
    journal = "Nucl. Phys. B",
    volume = "631",
    pages = "159--194",
    year = "2002"
}

@article{Skenderis:2002wp,
    author = "Skenderis, Kostas",
    editor = "de Wit, B. and Vandoren, S.",
    title = "{Lecture notes on holographic renormalization}",
    reportNumber = "PUTP-2047",
    doi = "10.1088/0264-9381/19/22/306",
    journal = "Class. Quant. Grav.",
    volume = "19",
    pages = "5849--5876",
    year = "2002"
}

@article{Henningson:1998gx,
    author = "Henningson, M. and Skenderis, K.",
    title = "{The Holographic Weyl anomaly}",
    reportNumber = "CERN-TH-98-188, KUL-TF-98-21",
    doi = "10.1088/1126-6708/1998/07/023",
    journal = "JHEP",
    volume = "07",
    pages = "023",
    year = "1998"
}

@article{Gubser:1998bc,
    author = "Gubser, S. S. and Klebanov, Igor R. and Polyakov, Alexander M.",
    title = "{Gauge theory correlators from noncritical string theory}",
    reportNumber = "PUPT-1767",
    doi = "10.1016/S0370-2693(98)00377-3",
    journal = "Phys. Lett. B",
    volume = "428",
    pages = "105--114",
    year = "1998"
}

@article{Witten:1998qj,
    author = "Witten, Edward",
    title = "{Anti-de Sitter space and holography}",
    reportNumber = "IASSNS-HEP-98-15",
    doi = "10.4310/ATMP.1998.v2.n2.a2",
    journal = "Adv. Theor. Math. Phys.",
    volume = "2",
    pages = "253--291",
    year = "1998"
}

@article{Anastasiou:2017rjf,
    author = "Anastasiou, Giorgos and Olea, Rodrigo and Rivera-Betancour, David",
    title = "{Noether\textendash{}Wald energy in Critical Gravity}",
    doi = "10.1016/j.physletb.2018.11.021",
    journal = "Phys. Lett. B",
    volume = "788",
    pages = "302--307",
    year = "2019"
}

@article{Dunajski:2013zta,
    author = "Dunajski, Maciej and Tod, Paul",
    title = "{Self-Dual Conformal Gravity}",
    reportNumber = "DAMTP-2013-24",
    doi = "10.1007/s00220-014-2046-5",
    journal = "Commun. Math. Phys.",
    volume = "331",
    pages = "351--373",
    year = "2014"
}

@article{Liu:2013fna,
    author = {Liu, Hai-Shan and L\"u, H. and Pope, C. N. and V\'azquez-Poritz, J. F.},
    title = "{Not Conformally-Einstein Metrics in Conformal Gravity}",
    reportNumber = "MIFPA-13-11",
    doi = "10.1088/0264-9381/30/16/165015",
    journal = "Class. Quant. Grav.",
    volume = "30",
    pages = "165015",
    year = "2013"
}

@article{Mora:2006ka,
    author = "Mora, Pablo and Olea, Rodrigo and Troncoso, Ricardo and Zanelli, Jorge",
    title = "{Transgression forms and extensions of Chern-Simons gauge theories}",
    reportNumber = "CECS-PHY-06-01",
    doi = "10.1088/1126-6708/2006/02/067",
    journal = "JHEP",
    volume = "02",
    pages = "067",
    year = "2006"
}

@article{Nojiri:1998dh,
    author = "Nojiri, Shin'ichi and Odintsov, Sergei D.",
    title = "{Conformal anomaly for dilaton coupled theories from AdS / CFT correspondence}",
    reportNumber = "NDA-FP-50",
    doi = "10.1016/S0370-2693(98)01351-3",
    journal = "Phys. Lett. B",
    volume = "444",
    pages = "92--97",
    year = "1998"
}

@article{Nojiri:1999mh,
    author = "Nojiri, Shin'ichi and Odintsov, Sergei D.",
    title = "{On the conformal anomaly from higher derivative gravity in AdS / CFT correspondence}",
    reportNumber = "NDA-FP-57",
    doi = "10.1142/S0217751X00000197",
    journal = "Int. J. Mod. Phys. A",
    volume = "15",
    pages = "413--428",
    year = "2000"
}

@book{Buchbinder:1992rb,
    author = "Buchbinder, I. L. and Odintsov, S. D. and Shapiro, I. L.",
    title = "{Effective action in quantum gravity}",
    year = "1992"
}

@article{Padilla:2012ze,
    author = "Padilla, Antonio and Sivanesan, Vishagan",
    title = "{Boundary Terms and Junction Conditions for Generalized Scalar-Tensor Theories}",
    doi = "10.1007/JHEP08(2012)122",
    journal = "JHEP",
    volume = "08",
    pages = "122",
    year = "2012"
}

@article{Caldarelli:2016nni,
    author = "Caldarelli, Marco M. and Christodoulou, Ariana and Papadimitriou, Ioannis and Skenderis, Kostas",
    title = "{Phases of planar AdS black holes with axionic charge}",
    reportNumber = "SISSA-59-2016-FISI",
    doi = "10.1007/JHEP04(2017)001",
    journal = "JHEP",
    volume = "04",
    pages = "001",
    year = "2017"
}

@article{Liu:2017kml,
    author = "Liu, Hai-Shan and Lu, H. and Pope, C. N.",
    title = "{Holographic Heat Current as Noether Current}",
    reportNumber = "MI-TH-1762",
    doi = "10.1007/JHEP09(2017)146",
    journal = "JHEP",
    volume = "09",
    pages = "146",
    year = "2017"
}

@article{Li:2018rgn,
    author = "Li, Yue-Zhou and Lu, H. and Zhang, Hao-Yu",
    title = "{Scale Invariance vs. Conformal Invariance: Holographic Two-Point Functions in Horndeski Gravity}",
    doi = "10.1140/epjc/s10052-019-7096-6",
    journal = "Eur. Phys. J. C",
    volume = "79",
    number = "7",
    pages = "592",
    year = "2019"
}

@article{Agurto-Sepulveda:2022vvf,
    author = "Agurto-Sep\'ulveda, Felipe and Chernicoff, Mariano and Giribet, Gaston and Oliva, Julio and Oyarzo, Marcelo",
    title = "{Slowly rotating $\alpha'$-corrected black holes in four and higher dimensions}",
    eprint = "2207.13214",
    archivePrefix = "arXiv",
    primaryClass = "hep-th",
    month = "7",
    year = "2022"
}

@article{Anabalon:2012tu,
    author = "Anabalon, Andres and Cisterna, Adolfo",
    title = "{Asymptotically (anti) de Sitter Black Holes and Wormholes with a Self Interacting Scalar Field in Four Dimensions}",
    doi = "10.1103/PhysRevD.85.084035",
    journal = "Phys. Rev. D",
    volume = "85",
    pages = "084035",
    year = "2012"
}



@article{Cisterna:2021xxq,
    author = "Cisterna, Adolfo and Neira-Gallegos, Anibal and Oliva, Julio and Rebolledo-Caceres, Scarlett C.",
    title = "{Pleba\'nski-Demia\'nski solutions in quadratic gravity with conformally coupled scalar fields}",
    doi = "10.1103/PhysRevD.103.064050",
    journal = "Phys. Rev. D",
    volume = "103",
    number = "6",
    pages = "064050",
    year = "2021"
}


@article{Cisterna:2018hzf,
    author = "Cisterna, Adolfo and Erices, Cristi\'an and Kuang, Xiao-Mei and Rinaldi, Massimiliano",
    title = "{Axionic black branes with conformal coupling}",
    doi = "10.1103/PhysRevD.97.124052",
    journal = "Phys. Rev. D",
    volume = "97",
    number = "12",
    pages = "124052",
    year = "2018"
}

@article{Cisterna:2019uek,
    author = "Cisterna, Adolfo and Guajardo, Luis and Hassaine, Mokhtar",
    title = "{Axionic charged black branes with arbitrary scalar nonminimal coupling}",
    doi = "10.1140/epjc/s10052-019-6922-1",
    journal = "Eur. Phys. J. C",
    volume = "79",
    number = "5",
    pages = "418",
    year = "2019",
    note = "[Erratum: Eur. Phys. J. C 79, 710 (2019)]"
}

@article{Bardoux:2013swa,
    author = "Bardoux, Yannis and Caldarelli, Marco M. and Charmousis, Christos",
    title = "{Integrability in conformally coupled gravity: Taub-NUT spacetimes and rotating black holes}",
    doi = "10.1007/JHEP05(2014)039",
    journal = "JHEP",
    volume = "05",
    pages = "039",
    year = "2014"
}

@article{Anabalon:2009qt,
    author = "Anabalon, Andres and Maeda, Hideki",
    title = "{New Charged Black Holes with Conformal Scalar Hair}",
    reportNumber = "AEI-2009-059, CECS-PHY-09-05",
    doi = "10.1103/PhysRevD.81.041501",
    journal = "Phys. Rev. D",
    volume = "81",
    pages = "041501",
    year = "2010"
}

@article{Giribet:2014bva,
    author = "Giribet, Gaston and Leoni, Matias and Oliva, Julio and Ray, Sourya",
    title = "{Hairy black holes sourced by a conformally coupled scalar field in D dimensions}",
    reportNumber = "PHYS.-REV.-D-89-(2014)-085040",
    doi = "10.1103/PhysRevD.89.085040",
    journal = "Phys. Rev. D",
    volume = "89",
    number = "8",
    pages = "085040",
    year = "2014"
}

@article{Caceres:2020myr,
    author = "Caceres, Nicolas and Figueroa, Jose and Oliva, Julio and Oyarzo, Marcelo and Stuardo, Ricardo",
    title = "{Quadratic gravity and conformally coupled scalar fields}",
    doi = "10.1007/JHEP04(2020)157",
    journal = "JHEP",
    volume = "04",
    pages = "157",
    year = "2020"
}

@article{Karakasis:2021rpn,
    author = "Karakasis, Thanasis and Papantonopoulos, Eleftherios and Tang, Zi-Yu and Wang, Bin",
    title = "{Exact black hole solutions with a conformally coupled scalar field and dynamic Ricci curvature in f(R) gravity theories}",
    doi = "10.1140/epjc/s10052-021-09717-1",
    journal = "Eur. Phys. J. C",
    volume = "81",
    number = "10",
    pages = "897",
    year = "2021"
}

@article{Aviles:2018vnf,
    author = "Avil\'es, Luis and Maeda, Hideki and Martinez, Cristian",
    title = "{Exact black-hole formation with a conformally coupled scalar field in three dimensions}",
    doi = "10.1088/1361-6382/aaea9f",
    journal = "Class. Quant. Grav.",
    volume = "35",
    number = "24",
    pages = "245001",
    year = "2018"
}

@article{Astorino:2014mda,
    author = "Astorino, Marco",
    title = "{Stationary axisymmetric spacetimes with a conformally coupled scalar field}",
    reportNumber = "CECS-PHY-14-04",
    doi = "10.1103/PhysRevD.91.064066",
    journal = "Phys. Rev. D",
    volume = "91",
    pages = "064066",
    year = "2015"
}

@article{Cardenas:2014kaa,
    author = "Cardenas, Marcela and Fuentealba, Oscar and Mart\'\i{}nez, Cristi\'an",
    title = "{Three-dimensional black holes with conformally coupled scalar and gauge fields}",
    doi = "10.1103/PhysRevD.90.124072",
    journal = "Phys. Rev. D",
    volume = "90",
    number = "12",
    pages = "124072",
    year = "2014"
}

@article{Astorino:2013sfa,
    author = "Astorino, Marco",
    title = "{C-metric with a conformally coupled scalar field in a magnetic universe}",
    reportNumber = "CECS-PHY-13-05",
    doi = "10.1103/PhysRevD.88.104027",
    journal = "Phys. Rev. D",
    volume = "88",
    number = "10",
    pages = "104027",
    year = "2013"
}

@article{Charmousis:2009cm,
    author = "Charmousis, C. and Kolyvaris, Theodoros and Papantonopoulos, E.",
    title = "{Charged C-metric with conformally coupled scalar field}",
    doi = "10.1088/0264-9381/26/17/175012",
    journal = "Class. Quant. Grav.",
    volume = "26",
    pages = "175012",
    year = "2009"
}

@article{deHaro:2006ymc,
    author = "de Haro, Sebastian and Papadimitriou, Ioannis and Petkou, Anastasios C.",
    title = "{Conformally Coupled Scalars, Instantons and Vacuum Instability in AdS(4)}",
    reportNumber = "DESY-06-213",
    doi = "10.1103/PhysRevLett.98.231601",
    journal = "Phys. Rev. Lett.",
    volume = "98",
    pages = "231601",
    year = "2007"
}

@article{Will:2014kxa,
    author = "Will, Clifford M.",
    title = "{The Confrontation between General Relativity and Experiment}",
    eprint = "1403.7377",
    archivePrefix = "arXiv",
    primaryClass = "gr-qc",
    doi = "10.12942/lrr-2014-4",
    journal = "Living Rev. Rel.",
    volume = "17",
    pages = "4",
    year = "2014"
}

@article{York:1972sj,
    author = "York, Jr., James W.",
    title = "{Role of conformal three geometry in the dynamics of gravitation}",
    doi = "10.1103/PhysRevLett.28.1082",
    journal = "Phys. Rev. Lett.",
    volume = "28",
    pages = "1082--1085",
    year = "1972"
}


@article{Gibbons:1976ue,
    author = "Gibbons, G. W. and Hawking, S. W.",
    title = "{Action Integrals and Partition Functions in Quantum Gravity}",
    reportNumber = "PRINT-76-0995 (CAMBRIDGE)",
    doi = "10.1103/PhysRevD.15.2752",
    journal = "Phys. Rev. D",
    volume = "15",
    pages = "2752--2756",
    year = "1977"
}

@article{Brown:1992br,
    author = "Brown, J. David and York, Jr., James W.",
    title = "{Quasilocal energy and conserved charges derived from the gravitational action}",
    eprint = "gr-qc/9209012",
    archivePrefix = "arXiv",
    reportNumber = "IFP-423-UNC, TAR-009-UNC",
    doi = "10.1103/PhysRevD.47.1407",
    journal = "Phys. Rev. D",
    volume = "47",
    pages = "1407--1419",
    year = "1993"
}

@article{Noether1918,
author = {Noether, E.},
journal = {Nachrichten von der Gesellschaft der Wissenschaften zu Göttingen, Mathematisch-Physikalische Klasse},
language = {ger},
pages = {235-257},
title = {Invariante Variationsprobleme},
url = {http://eudml.org/doc/59024},
volume = {1918},
year = {1918},
}

@article{Crnkovic:1986ex,
    author = "Crnkovic, Cedomir and Witten, Edward",
    title = "{COVARIANT DESCRIPTION OF CANONICAL FORMALISM IN GEOMETRICAL THEORIES}",
    reportNumber = "Print-86-1309 (PRINCETON)",
    month = "9",
    year = "1986"
}

@book{arnold1989mathematical,
  added-at = {2012-11-06T21:57:21.000+0100},
  author = {Arnold, V.I.},
  biburl = {https://www.bibsonomy.org/bibtex/231cb6566dfd8be2b684d934a198ee9ab/jdthomas},
  file = {arnold1989mathematical.djvu:arnold1989mathematical.djvu:Djvu},
  interhash = {abc60165596d9583dd808f328105e651},
  intrahash = {31cb6566dfd8be2b684d934a198ee9ab},
  keywords = {imported},
  owner = {jthoma20},
  publisher = {Springer},
  review = {@book{melia2001electrodynamics,
	
	 title={Electrodynamics},
	
	 author={Melia, F.},
	
	 year={2001},
	
	 publisher={University of Chicago Press}
	
	}@book{melia2001electrodynamics,
	
	 title={Electrodynamics},
	
	 author={Melia, F.},
	
	 year={2001},
	
	 publisher={University of Chicago Press}
	
	}},
  timestamp = {2012-11-06T21:57:21.000+0100},
  title = {Mathematical methods of classical mechanics},
  volume = 60,
  year = 1989
}

@article{Lee1990LocalSA,
  title={Local symmetries and constraints},
  author={Joohan Lee and Robert M. Wald},
  journal={Journal of Mathematical Physics},
  year={1990},
  volume={31},
  pages={725-743}
}

@article{Corichi:2018drc,
    author = "Corichi, Alejandro and Vuka\v{s}inac, Tatjana",
    title = "{Hamiltonian analysis of a topological theory in the presence of boundaries}",
    eprint = "1809.09248",
    archivePrefix = "arXiv",
    primaryClass = "hep-th",
    reportNumber = "CCM-18-5",
    doi = "10.1142/S0218271819500755",
    journal = "Int. J. Mod. Phys. D",
    volume = "28",
    number = "06",
    pages = "1950075",
    year = "2019"
}

@article{Hawking:1975vcx,
    author = "Hawking, S. W.",
    editor = "Gibbons, G. W. and Hawking, S. W.",
    title = "{Particle Creation by Black Holes}",
    doi = "10.1007/BF02345020",
    journal = "Commun. Math. Phys.",
    volume = "43",
    pages = "199--220",
    year = "1975",
    note = "[Erratum: Commun.Math.Phys. 46, 206 (1976)]"
}

@article{maldacena1999large,
  title={The large N limit of superconformal field theories and supergravity},
  author={Maldacena, Juan},
  journal={International Journal of Theoretical Physics},
  volume={38},
  number={4},
  pages={1113--1133},
  year={1999},
  publisher={Springer}
}


@article{witten1998anti,
  title={Anti-de Sitter space and holography},
  author={Witten, Edward},
  journal={Advances in Theoretical and Mathematical Physics},
  volume={2},
  number={2},
  pages={253--291},
  year={1998},
  publisher={International Press of Boston}
}

@article{aharony2000large,
  title={Large N field theories, string theory and gravity},
  author={Aharony, Ofer and Gubser, Steven S and Maldacena, Juan and Ooguri, Hirosi and Oz, Yaron},
  journal={Physics Reports},
  volume={323},
  number={3-4},
  pages={183--386},
  year={2000},
  publisher={Elsevier}
}

@article{balasubramanian1999stress,
  title={A stress tensor for anti-de Sitter gravity},
  author={Balasubramanian, Vijay and Kraus, Per},
  journal={Communications in Mathematical Physics},
  volume={208},
  number={2},
  pages={413--428},
  year={1999},
  publisher={Springer}
}

@article{bekenstein1973black,
  title={Black holes and entropy},
  author={Bekenstein, Jacob D},
  journal={Physical Review D},
  volume={7},
  number={8},
  pages={2333},
  year={1973},
  publisher={APS}
}

@article{hawking1975particle,
  title={Particle creation by black holes},
  author={Hawking, Stephen W},
  journal={Communications in Mathematical Physics},
  volume={43},
  number={3},
  pages={199--220},
  year={1975},
  publisher={Springer}
}

@article{Brown:1986nw,
    author = "Brown, J. David and Henneaux, M.",
    title = "{Central Charges in the Canonical Realization of Asymptotic Symmetries: An Example from Three-Dimensional Gravity}",
    doi = "10.1007/BF01211590",
    journal = "Commun. Math. Phys.",
    volume = "104",
    pages = "207--226",
    year = "1986"
}

@article{Lovelock:1971yv,
    author = "Lovelock, D.",
    title = "{The Einstein tensor and its generalizations}",
    doi = "10.1063/1.1665613",
    journal = "J. Math. Phys.",
    volume = "12",
    pages = "498--501",
    year = "1971"
}


@article{Grumiller_2014,
	doi = {10.1103/physrevlett.112.111102},
  
	url = {https://doi.org/10.1103%2Fphysrevlett.112.111102},
  
	year = 2014,
	month = {mar},
  
	publisher = {American Physical Society ({APS})},
  
	volume = {112},
  
	number = {11},
  
	author = {Daniel Grumiller and Maria Irakleidou and Iva Lovrekovic and Robert McNees},
  
	title = {Conformal Gravity Holography in Four Dimensions},
  
	journal = {Physical Review Letters}
}

@misc{https://doi.org/10.48550/arxiv.1105.5632,
  doi = {10.48550/ARXIV.1105.5632},
  
  url = {https://arxiv.org/abs/1105.5632},
  
  author = {Maldacena, Juan},
  
  keywords = {High Energy Physics - Theory (hep-th), FOS: Physical sciences, FOS: Physical sciences},
  
  title = {Einstein Gravity from Conformal Gravity},
  
  publisher = {arXiv},
  
  year = {2011},
  
  copyright = {arXiv.org perpetual, non-exclusive license}
}

@article{Corral:2021xsu,
    author = "Corral, Crist\'obal and Giribet, Gast\'on and Olea, Rodrigo",
    title = "{Self-dual gravitational instantons in conformal gravity: Conserved charges and thermodynamics}",
    eprint = "2105.10574",
    archivePrefix = "arXiv",
    primaryClass = "hep-th",
    doi = "10.1103/PhysRevD.104.064026",
    journal = "Phys. Rev. D",
    volume = "104",
    number = "6",
    pages = "064026",
    year = "2021"
}

@article{Cisterna_2021,
	doi = {10.1103/physrevd.103.064050},
  
	url = {https://doi.org/10.1103%2Fphysrevd.103.064050},
  
	year = 2021,
	month = {mar},
  
	publisher = {American Physical Society ({APS})},
  
	volume = {103},
  
	number = {6},
  
	author = {Adolfo Cisterna and Anibal Neira-Gallegos and Julio Oliva and Scarlett C. Rebolledo-Caceres},
  
	title = {Plebia\'nski-Demia\'nski solutions in quadratic gravity with conformally coupled scalar fields},
  
	journal = {Physical Review D}
}


@article{CMS:2012qbp,
    author = "Chatrchyan, Serguei and others",
    collaboration = "CMS",
    title = "{Observation of a New Boson at a Mass of 125 GeV with the CMS Experiment at the LHC}",
    eprint = "1207.7235",
    archivePrefix = "arXiv",
    primaryClass = "hep-ex",
    reportNumber = "CMS-HIG-12-028, CERN-PH-EP-2012-220",
    doi = "10.1016/j.physletb.2012.08.021",
    journal = "Phys. Lett. B",
    volume = "716",
    pages = "30--61",
    year = "2012"
}
@article{ATLAS:2012yve,
    author = "Aad, Georges and others",
    collaboration = "ATLAS",
    title = "{Observation of a new particle in the search for the Standard Model Higgs boson with the ATLAS detector at the LHC}",
    eprint = "1207.7214",
    archivePrefix = "arXiv",
    primaryClass = "hep-ex",
    reportNumber = "CERN-PH-EP-2012-218",
    doi = "10.1016/j.physletb.2012.08.020",
    journal = "Phys. Lett. B",
    volume = "716",
    pages = "1--29",
    year = "2012"
}

@article{Lu:2011ks,
    author = "Lu, H. and Pang, Yi and Pope, C. N.",
    title = "{Conformal Gravity and Extensions of Critical Gravity}",
    eprint = "1106.4657",
    archivePrefix = "arXiv",
    primaryClass = "hep-th",
    reportNumber = "CAS-KITPC-ITP-272, MIFPA-11-24",
    doi = "10.1103/PhysRevD.84.064001",
    journal = "Phys. Rev. D",
    volume = "84",
    pages = "064001",
    year = "2011"
}

@article{PhysRevLett.123.111102,
  title = {Testing the No-Hair Theorem with GW150914},
  author = {Isi, Maximiliano and Giesler, Matthew and Farr, Will M. and Scheel, Mark A. and Teukolsky, Saul A.},
  journal = {Phys. Rev. Lett.},
  volume = {123},
  issue = {11},
  pages = {111102},
  numpages = {6},
  year = {2019},
  month = {Sep},
  publisher = {American Physical Society},
  doi = {10.1103/PhysRevLett.123.111102},
  url = {https://link.aps.org/doi/10.1103/PhysRevLett.123.111102}
}

@article{Tang:2022uwi,
    author = "Tang, Meirong and Xu, Zhaoyi",
    title = "{The no-hair theorem and black hole shadows}",
    eprint = "2209.08202",
    archivePrefix = "arXiv",
    primaryClass = "gr-qc",
    doi = "10.1007/JHEP12(2022)125",
    journal = "JHEP",
    volume = "12",
    pages = "125",
    year = "2022"
}

@article{PhysRevD.103.L021502,
  title = {Scalar and gravitational hair for extreme Kerr black holes},
  author = {Burko, Lior M. and Khanna, Gaurav and Sabharwal, Subir},
  journal = {Phys. Rev. D},
  volume = {103},
  issue = {2},
  pages = {L021502},
  numpages = {5},
  year = {2021},
  month = {Jan},
  publisher = {American Physical Society},
  doi = {10.1103/PhysRevD.103.L021502},
  url = {https://link.aps.org/doi/10.1103/PhysRevD.103.L021502}
}

@article{PhysRevLett.128.111301,
  title = {Quantum Hair from Gravity},
  author = {Calmet, Xavier and Casadio, Roberto and Hsu, Stephen D. H. and Kuipers, Folkert},
  journal = {Phys. Rev. Lett.},
  volume = {128},
  issue = {11},
  numpages = {6},
  year = {2022},
  month = {Mar},
  publisher = {American Physical Society},
  doi = {10.1103/PhysRevLett.128.111301},
  url = {https://link.aps.org/doi/10.1103/PhysRevLett.128.111301}
}


@misc{fefferman2008ambient,
      title={The ambient metric}, 
      author={Charles Fefferman and C. Robin Graham},
      year={2008},
      eprint={0710.0919},
      archivePrefix={arXiv},
      primaryClass={math.DG}
}

@article{Olea_2007,
	doi = {10.1088/1126-6708/2007/04/073},
  
	url = {https://doi.org/10.1088%2F1126-6708%2F2007%2F04%2F073},
  
	year = 2007,
	month = {apr},
  
	publisher = {Springer Science and Business Media {LLC}
},
  
	volume = {2007},
  
	number = {04},
  
	pages = {073--073},
  
	author = {Rodrigo Olea},
  
	title = {Regularization of odd-dimensional {AdS} gravity: Kounterterms},
  
	journal = {Journal of High Energy Physics}
}


@article{Olea:2005gb,
    author = "Olea, Rodrigo",
    title = "{Mass, angular momentum and thermodynamics in four-dimensional Kerr-AdS black holes}",
    eprint = "hep-th/0504233",
    archivePrefix = "arXiv",
    doi = "10.1088/1126-6708/2005/06/023",
    journal = "JHEP",
    volume = "06",
    pages = "023",
    year = "2005"
}

@article{PhysRevLett.26.331,
  title = {Axisymmetric Black Hole Has Only Two Degrees of Freedom},
  author = {Carter, B.},
  journal = {Phys. Rev. Lett.},
  volume = {26},
  issue = {6},
  pages = {331--333},
  numpages = {0},
  year = {1971},
  month = {Feb},
  publisher = {American Physical Society},
  doi = {10.1103/PhysRevLett.26.331},
  url = {https://link.aps.org/doi/10.1103/PhysRevLett.26.331}
}

@article{PhysRev.164.1776,
  title = {Event Horizons in Static Vacuum Space-Times},
  author = {Israel, Werner},
  journal = {Phys. Rev.},
  volume = {164},
  issue = {5},
  pages = {1776--1779},
  numpages = {0},
  year = {1967},
  month = {Dec},
  publisher = {American Physical Society},
  doi = {10.1103/PhysRev.164.1776},
  url = {https://link.aps.org/doi/10.1103/PhysRev.164.1776}
}

@article{PhysRevLett.28.452,
  title = {Transcendence of the Law of Baryon-Number Conservation in Black-Hole Physics},
  author = {Bekenstein, Jacob D.},
  journal = {Phys. Rev. Lett.},
  volume = {28},
  issue = {7},
  pages = {452--455},
  numpages = {0},
  year = {1972},
  month = {Feb},
  publisher = {American Physical Society},
  doi = {10.1103/PhysRevLett.28.452},
  url = {https://link.aps.org/doi/10.1103/PhysRevLett.28.452}
}

@article{PhysRevD.5.1239,
  title = {Nonexistence of Baryon Number for Static Black Holes},
  author = {Bekenstein, Jacob D.},
  journal = {Phys. Rev. D},
  volume = {5},
  issue = {6},
  pages = {1239--1246},
  numpages = {0},
  year = {1972},
  month = {Mar},
  publisher = {American Physical Society},
  doi = {10.1103/PhysRevD.5.1239},
  url = {https://link.aps.org/doi/10.1103/PhysRevD.5.1239}
}

@article{Hawking:1982dh,
    author = "Hawking, S. W. and Page, Don N.",
    title = "{Thermodynamics of Black Holes in anti-De Sitter Space}",
    reportNumber = "PRINT-83-0019 (CAMBRIDGE)",
    doi = "10.1007/BF01208266",
    journal = "Commun. Math. Phys.",
    volume = "87",
    pages = "577",
    year = "1983"
}

@article{Barrientos:2022avi,
    author = "Barrientos, Jos\'e and Cisterna, Adolfo and Mora, Nicol\'as and Vigan\`o, Adriano",
    title = "{AdS-Taub-NUT spacetimes and exact black bounces with scalar hair}",
    eprint = "2202.06706",
    archivePrefix = "arXiv",
    primaryClass = "hep-th",
    doi = "10.1103/PhysRevD.106.024038",
    journal = "Phys. Rev. D",
    volume = "106",
    number = "2",
    pages = "024038",
    year = "2022"
}

@article{Barrientos:2023tqb,
    author = "Barrientos, Jose and Cisterna, Adolfo",
    title = "{Ehlers transformations as a tool for constructing accelerating NUT black holes}",
    eprint = "2305.03765",
    archivePrefix = "arXiv",
    primaryClass = "gr-qc",
    doi = "10.1103/PhysRevD.108.024059",
    journal = "Phys. Rev. D",
    volume = "108",
    number = "2",
    pages = "024059",
    year = "2023"
}
@article{Cisterna:2023qhh,
    author = "Cisterna, Adolfo and Diaz, Felipe and Mann, Robert B. and Oliva, Julio",
    title = "{Exploring Accelerating Hairy Black Holes in $2+1$ Dimensions: The Asymptotically Locally Anti-de Sitter Class and its Holography}",
    eprint = "2309.05559",
    archivePrefix = "arXiv",
    primaryClass = "hep-th",
    month = "9",
    year = "2023"
}

@article{Arenas-Henriquez:2023hur,
    author = "Arenas-Henriquez, Gabriel and Cisterna, Adolfo and Diaz, Felipe and Gregory, Ruth",
    title = "{Accelerating black holes in 2 + 1 dimensions: holography revisited}",
    eprint = "2308.00613",
    archivePrefix = "arXiv",
    primaryClass = "hep-th",
    doi = "10.1007/JHEP09(2023)122",
    journal = "JHEP",
    volume = "09",
    pages = "122",
    year = "2023"
}

@article{Emparan:2020znc,
    author = "Emparan, Roberto and Frassino, Antonia Micol and Way, Benson",
    title = "{Quantum BTZ black hole}",
    eprint = "2007.15999",
    archivePrefix = "arXiv",
    primaryClass = "hep-th",
    doi = "10.1007/JHEP11(2020)137",
    journal = "JHEP",
    volume = "11",
    pages = "137",
    year = "2020"
}

@article{Martinez:1996gn,
    author = "Martinez, Cristian and Zanelli, Jorge",
    title = "{Conformally dressed black hole in (2+1)-dimensions}",
    eprint = "gr-qc/9604021",
    archivePrefix = "arXiv",
    doi = "10.1103/PhysRevD.54.3830",
    journal = "Phys. Rev. D",
    volume = "54",
    pages = "3830--3833",
    year = "1996"
}

@article{Casals:2016odj,
    author = "Casals, Marc and Fabbri, Alessandro and Mart\'\i{}nez, Cristi\'an and Zanelli, Jorge",
    title = "{Quantum Backreaction on Three-Dimensional Black Holes and Naked Singularities}",
    eprint = "1608.05366",
    archivePrefix = "arXiv",
    primaryClass = "gr-qc",
    doi = "10.1103/PhysRevLett.118.131102",
    journal = "Phys. Rev. Lett.",
    volume = "118",
    number = "13",
    pages = "131102",
    year = "2017"
}


@article{Arenas-Henriquez:2022www,
    author = "Arenas-Henriquez, Gabriel and Gregory, Ruth and Scoins, Andrew",
    title = "{On acceleration in three dimensions}",
    eprint = "2202.08823",
    archivePrefix = "arXiv",
    primaryClass = "hep-th",
    doi = "10.1007/JHEP05(2022)063",
    journal = "JHEP",
    volume = "05",
    pages = "063",
    year = "2022"
}




\end{thebibliography}