@article{PhysRevD.106.084055,
  title = {Higher-curvature generalization of Eguchi-Hanson spaces},
  author = {Corral, Crist\'obal and Flores-Alfonso, Daniel and Giribet, Gast\'on and Oliva, Julio},
  journal = {Phys. Rev. D},
  volume = {106},
  issue = {8},
  pages = {084055},
  numpages = {9},
  year = {2022},
  month = {Oct},
  publisher = {American Physical Society},
  doi = {10.1103/PhysRevD.106.084055},
  url = {https://link.aps.org/doi/10.1103/PhysRevD.106.084055}
}

@article{Hoxha:2000jf,
    author = "Hoxha, P. and Martinez-Acosta, R. R. and Pope, C. N.",
    title = "{Kaluza-Klein consistency, Killing vectors, and Kahler spaces}",
    eprint = "hep-th/0005172",
    archivePrefix = "arXiv",
    doi = "10.1088/0264-9381/17/20/305",
    journal = "Class. Quant. Grav.",
    volume = "17",
    pages = "4207--4240",
    year = "2000"
}
