@article{Ostrogradsky:1850fid,
    author = "Ostrogradsky, M.",
    title = "{M\'emoires sur les \'equations diff\'erentielles, relatives au probl\`eme des isop\'erim\`etres}",
    journal = "Mem. Acad. St. Petersbourg",
    volume = "6",
    number = "4",
    pages = "385--517",
    year = "1850"
}

@article{Izaurieta:2020kuy,
    author = "Izaurieta, F. and Medina, P. and Merino, N. and Salgado, P. and Valdivia, O.",
    title = "{Mimetic Einstein-Cartan-Sciama-Kibble (ECSK) gravity}",
    eprint = "2007.07226",
    archivePrefix = "arXiv",
    primaryClass = "gr-qc",
    doi = "10.1007/JHEP10(2020)150",
    journal = "JHEP",
    volume = "10",
    pages = "150",
    year = "2020"
}

@article{Martinez:1996gn,
    author = "Martinez, Cristian and Zanelli, Jorge",
    title = "{Conformally dressed black hole in (2+1)-dimensions}",
    eprint = "gr-qc/9604021",
    archivePrefix = "arXiv",
    doi = "10.1103/PhysRevD.54.3830",
    journal = "Phys. Rev. D",
    volume = "54",
    pages = "3830--3833",
    year = "1996"
}

@article{Aviles:2024muk,
    author = "Avil\'es, L. and Corral, C. and Izaurieta, F. and Valdivia, O. and Vera, C.",
    title = "{Asymptotically AdS black hole with a conformally-coupled scalar field in the first-order formalism of gravity}",
    eprint = "2402.04503",
    archivePrefix = "arXiv",
    primaryClass = "gr-qc",
    month = "2",
    year = "2024"
}