@article{Regge:1974zd,
    author = "Regge, Tullio and Teitelboim, Claudio",
    title = "{Role of Surface Integrals in the Hamiltonian Formulation of General Relativity}",
    reportNumber = "Print-74-0988 (IAS,PRINCETON)",
    doi = "10.1016/0003-4916(74)90404-7",
    journal = "Annals Phys.",
    volume = "88",
    pages = "286",
    year = "1974"
}

@article{Henneaux:2018cst,
    author = "Henneaux, Marc and Troessaert, C\'edric",
    title = "{BMS Group at Spatial Infinity: the Hamiltonian (ADM) approach}",
    eprint = "1801.03718",
    archivePrefix = "arXiv",
    primaryClass = "gr-qc",
    doi = "10.1007/JHEP03(2018)147",
    journal = "JHEP",
    volume = "03",
    pages = "147",
    year = "2018"
}

@article{Henneaux:2019yax,
    author = "Henneaux, Marc and Troessaert, C\'edric",
    title = "{The asymptotic structure of gravity at spatial infinity in four spacetime dimensions}",
    eprint = "1904.04495",
    archivePrefix = "arXiv",
    primaryClass = "hep-th",
    doi = "10.1134/S0081543820030104",
    journal = "Proc. Steklov Inst. Math.",
    volume = "309",
    pages = "127",
    year = "2020"
}

@article{Fuentealba:2022xsz,
    author = "Fuentealba, Oscar and Henneaux, Marc and Troessaert, C\'edric",
    title = "{Logarithmic supertranslations and supertranslation-invariant Lorentz charges}",
    eprint = "2211.10941",
    archivePrefix = "arXiv",
    primaryClass = "hep-th",
    doi = "10.1007/JHEP02(2023)248",
    journal = "JHEP",
    volume = "02",
    pages = "248",
    year = "2023"
}

@article{Fuentealba:2023syb,
    author = "Fuentealba, Oscar and Henneaux, Marc and Troessaert, C\'edric",
    title = "{Asymptotic Symmetry Algebra of Einstein Gravity and Lorentz Generators}",
    eprint = "2305.05436",
    archivePrefix = "arXiv",
    primaryClass = "hep-th",
    doi = "10.1103/PhysRevLett.131.111402",
    journal = "Phys. Rev. Lett.",
    volume = "131",
    number = "11",
    pages = "111402",
    year = "2023"
}