@book{Rothe:2010dzf,
    author = "Rothe, Heinz J. and Rothe, Klaus D.",
    title = "{Classical and quantum dynamics of constrained Hamiltonian systems}",
    publisher = "World Scientific",
    address = "Singapore",
    year = "2010"
}

@book{Henneaux:1994lbw,
    author = "Henneaux, Marc and Teitelboim, Claudio",
    title = "{Quantization of Gauge Systems}",
    isbn = "978-0-691-03769-1, 978-0-691-21386-6",
    publisher = "Princeton University Press",
    month = "8",
    year = "1994"
}
@book{Sundermeyer:1982gv,
    author = "Sundermeyer, K.",
    title = "{CONSTRAINED DYNAMICS WITH APPLICATIONS TO YANG-MILLS THEORY, GENERAL RELATIVITY, CLASSICAL SPIN, DUAL STRING MODEL}",
    volume = "169",
    year = "1982"
}
@article{Saavedra:2000wk,
    author = "Saavedra, Joel and Troncoso, Ricardo and Zanelli, Jorge",
    title = "{Degenerate dynamical systems}",
    eprint = "hep-th/0011231",
    archivePrefix = "arXiv",
    reportNumber = "CECS-PHY-00-12, USACH-FM-00-10",
    doi = "10.1063/1.1389088",
    journal = "J. Math. Phys.",
    volume = "42",
    pages = "4383--4390",
    year = "2001"
}