@article{Ayon-Beato:2024vph,
    author = "Ay\'on-Beato, Eloy and Flores-Alfonso, Daniel and Hassaine, Mokhtar",
    title = "{Nonlinearly charging the conformally dressed black holes preserving duality and conformal invariance}",
    eprint = "2404.08753",
    archivePrefix = "arXiv",
    primaryClass = "hep-th",
    doi = "10.1103/PhysRevD.110.064027",
    journal = "Phys. Rev. D",
    volume = "110",
    number = "6",
    pages = "064027",
    year = "2024"
}

@article{Garcia-Diaz:2021bao,
    author = "Garcia-Diaz, Alberto A.",
    title = "{Stationary Rotating Black Hole Exact Solution within Einstein--Nonlinear Electrodynamics}",
    eprint = "2112.06302",
    archivePrefix = "arXiv",
    primaryClass = "gr-qc",
    month = "12",
    year = "2021"
}

@article{DiazGarcia:2022jpc,
    author = "Garcia-Diaz, Alberto A.",
    title = "{AdS\textendash{}dS stationary rotating black hole exact solution within Einstein-nonlinear electrodynamics}",
    eprint = "2201.10682",
    archivePrefix = "arXiv",
    primaryClass = "gr-qc",
    doi = "10.1016/j.aop.2022.168880",
    journal = "Annals Phys.",
    volume = "441",
    pages = "168880",
    year = "2022"
}

@article{Ayon-Beato:2022dwg,
    author = "Ay\'on-Beato, Eloy",
    title = "{Unveiling the electrodynamics of the first nonlinearly charged rotating black hole}",
    eprint = "2203.12809",
    archivePrefix = "arXiv",
    primaryClass = "gr-qc",
    doi = "10.1016/j.aop.2024.169771",
    journal = "Annals Phys.",
    volume = "469",
    pages = "169771",
    year = "2024"
}

@article{Plebanski:1970zz,
    author = "Plebanski, Jerzy",
    title = "{LECTURES ON NON LINEAR ELECTRODYNAMICS}",
    reportNumber = "RX-476",
    year = "1970"
}
@article{Salazar:1987ap,
    author = "Salazar, I. H. and Garcia, A. and Plebanski, J.",
    title = "{Duality Rotations and Type $D$ Solutions to Einstein Equations With Nonlinear Electromagnetic Sources}",
    doi = "10.1063/1.527430",
    journal = "J. Math. Phys.",
    volume = "28",
    pages = "2171--2181",
    year = "1987"
}

@article{Born:1934gh,
    author = "Born, M. and Infeld, L.",
    title = "{Foundations of the new field theory}",
    doi = "10.1098/rspa.1934.0059",
    journal = "Proc. Roy. Soc. Lond. A",
    volume = "144",
    number = "852",
    pages = "425--451",
    year = "1934"
}