@article{Ciambelli:2022vot,
    author = "Ciambelli, Luca",
    title = "{From Asymptotic Symmetries to the Corner Proposal}",
    eprint = "2212.13644",
    archivePrefix = "arXiv",
    primaryClass = "hep-th",
    doi = "10.22323/1.435.0002",
    journal = "PoS",
    volume = "Modave2022",
    pages = "002",
    year = "2023"
}
@article{Lee:1990nz,
    author = "Lee, J. and Wald, Robert M.",
    title = "{Local symmetries and constraints}",
    doi = "10.1063/1.528801",
    journal = "J. Math. Phys.",
    volume = "31",
    pages = "725--743",
    year = "1990"
}
@article{Wald:1993nt,
    author = "Wald, Robert M.",
    title = "{Black hole entropy is the Noether charge}",
    eprint = "gr-qc/9307038",
    archivePrefix = "arXiv",
    reportNumber = "EFI-93-42",
    doi = "10.1103/PhysRevD.48.R3427",
    journal = "Phys. Rev. D",
    volume = "48",
    number = "8",
    pages = "R3427--R3431",
    year = "1993"
}
@article{Iyer:1994ys,
    author = "Iyer, Vivek and Wald, Robert M.",
    title = "{Some properties of Noether charge and a proposal for dynamical black hole entropy}",
    eprint = "gr-qc/9403028",
    archivePrefix = "arXiv",
    doi = "10.1103/PhysRevD.50.846",
    journal = "Phys. Rev. D",
    volume = "50",
    pages = "846--864",
    year = "1994"
}
@article{Iyer:1995kg,
    author = "Iyer, Vivek and Wald, Robert M.",
    title = "{A Comparison of Noether charge and Euclidean methods for computing the entropy of stationary black holes}",
    eprint = "gr-qc/9503052",
    archivePrefix = "arXiv",
    doi = "10.1103/PhysRevD.52.4430",
    journal = "Phys. Rev. D",
    volume = "52",
    pages = "4430--4439",
    year = "1995"
}
@article{Wald:1999wa,
    author = "Wald, Robert M. and Zoupas, Andreas",
    title = "{A General definition of 'conserved quantities' in general relativity and other theories of gravity}",
    eprint = "gr-qc/9911095",
    archivePrefix = "arXiv",
    doi = "10.1103/PhysRevD.61.084027",
    journal = "Phys. Rev. D",
    volume = "61",
    pages = "084027",
    year = "2000"
}